<record><leader>00000cas a2200000 a 4500</leader><controlfield tag="001">24959396</controlfield><controlfield tag="008">911216d18471849ohusr ne      0    0ger d</controlfield><datafield ind1=" " ind2=" " tag="010"><subfield code="a">sn 91069207 </subfield></datafield><datafield ind1=" " ind2=" " tag="040"><subfield code="a">ONP</subfield><subfield code="b">eng</subfield><subfield code="c">ONP</subfield><subfield code="d">DLC</subfield><subfield code="d">OCL</subfield><subfield code="d">ATL</subfield><subfield code="d">OCLCQ</subfield><subfield code="d">OCLCO</subfield></datafield><datafield ind1="1" ind2=" " tag="029"><subfield code="a">AU@</subfield><subfield code="b">000020125111</subfield></datafield><datafield ind1=" " ind2=" " tag="042"><subfield code="a">msc</subfield></datafield><datafield ind1=" " ind2=" " tag="043"><subfield code="a">n-us-oh</subfield></datafield><datafield ind1=" " ind2="4" tag="050"><subfield code="a">BX9875.A1</subfield></datafield><datafield ind1="0" ind2=" " tag="130"><subfield code="a">Deutsche Telescope (Circleville, Ohio)</subfield></datafield><datafield ind1="0" ind2="4" tag="245"><subfield code="a">Der Deutsche Telescope.</subfield></datafield><datafield ind1="1" ind2=" " tag="246"><subfield code="i">Issues for Jan. 15, 1847-Nov. 1, 1849 have title:</subfield><subfield code="a">Deutsche Telescop</subfield></datafield><datafield ind1=" " ind2=" " tag="260"><subfield code="a">Circleville, Ohio :</subfield><subfield code="b">Verlag von der Gesellschaft der Vereinigten Bru&#776;der in Christo,</subfield><subfield code="c">1846-1849.</subfield></datafield><datafield ind1=" " ind2=" " tag="300"><subfield code="a">3 v.</subfield></datafield><datafield ind1=" " ind2=" " tag="310"><subfield code="a">Semimonthly</subfield></datafield><datafield ind1="0" ind2=" " tag="362"><subfield code="a">Bd. 1, Nro. 1 (1. Okt. 1846)-Bd. 3, No. 24 (1. Nov. 1849).</subfield></datafield><datafield ind1=" " ind2=" " tag="515"><subfield code="a">Issues for Oct. 1, 1847-Nov. 1, 1849 also called Ganze No. 25-Ganze No. 72.</subfield></datafield><datafield ind1=" " ind2=" " tag="530"><subfield code="a">Issued also on microfilm by American Theological Library Association.</subfield></datafield><datafield ind1="2" ind2="0" tag="610"><subfield code="a">Church of the United Brethren in Christ (1880-1889)</subfield><subfield code="v">Periodicals.</subfield></datafield><datafield ind1=" " ind2="0" tag="650"><subfield code="a">Germans</subfield><subfield code="z">Ohio</subfield><subfield code="z">Circleville</subfield><subfield code="v">Newspapers.</subfield></datafield><datafield ind1="2" ind2="0" tag="610"><subfield code="a">Church of the United Brethren in Christ (1880-1889)</subfield><subfield code="z">Ohio</subfield><subfield code="v">Newspapers.</subfield></datafield><datafield ind1=" " ind2=" " tag="752"><subfield code="a">United States</subfield><subfield code="b">Ohio</subfield><subfield code="c">Pickaway</subfield><subfield code="d">Circleville.</subfield></datafield><datafield ind1="0" ind2="0" tag="780"><subfield code="t">Geschaeftige Martha (Baltimore, Md.)</subfield><subfield code="w">(DLC)sn 99016511</subfield><subfield code="w">(OCOLC)43108828</subfield></datafield><datafield ind1="0" ind2="0" tag="785"><subfield code="t">Geschaeftige Martha (Circleville, Ohio)</subfield><subfield code="w">(DLC)sn 99016514</subfield><subfield code="w">(OCoLC)43108966</subfield></datafield><datafield ind1="1" ind2=" " tag="776"><subfield code="c">Microfilm</subfield><subfield code="d">American Theological Library Association</subfield><subfield code="w">(DLC)sn 99016515</subfield><subfield code="w">(OCoLC)43108933</subfield></datafield></record>